@electronic{IEEEexample:tamethebeast,
  author        = "Nicolas Markey",
  title         = "Tame the BeaST  ---  The B to X of BibTeX",
  url           = "http://tug.ctan.org/tex-archive/info/bibtex/tamethebeast/",
  month         = "October",
  year          = "2005"
}

@article{IEEEexample:article_typical,
  author        = "S. Zhang and C. Zhu and J. K. O. Sin and P. K. T. Mok",
  title         = "A Novel Ultrathin Elevated Channel Low-temperature 
                   Poly-{Si} {TFT}",
  journal       = "Poop",
  volume        = "20",
  month         = "November",
  year          = "1999",
  pages         = "569-571"
}

@book{IEEEexample:book_typical,
  author        = "B. D. Cullity",
  title         = "Introduction to Magnetic Materials",
  publisher     = "Addison-Wesley",
  address       = "Reading, MA",
  year          = "1972"
}

@article{IEEEexample:articlelargepages,
  author        = "A. Castaldini and A. Cavallini and B. Fraboni
                   and P. Fernandez and J. Piqueras",
  title         = "Midgap Traps Related to Compensation Processes in
                   {CdTe} Alloys",
  journal       = "Phys. Rev. B.",
  volume        = "56",
  number        = "23",
  year          = "1997",
  pages         = "14897-14900"
}